@article{Kiryati,
 author = {Kiryati, N. and Eldar, Y. and Bruckstein, A. M.},
 title = {A Probabilistic Hough Transform},
 journal = {Pattern Recogn.},
 issue_date = {1991},
 volume = {24},
 number = {4},
 month = feb,
 year = {1991},
 issn = {0031-3203},
 pages = {303--316},
 numpages = {14},
 url = {http://dx.doi.org/10.1016/0031-3203(91)90073-E},
 doi = {10.1016/0031-3203(91)90073-E},
 acmid = {104026},
 publisher = {Elsevier Science Inc.},
 address = {New York, NY, USA},
} 

@misc{medial_axis,
 author = {Scikit-image},
 title = {{skimage.morphology.medial\_axis}},
 howpublished = "\url{http://scikit-image.org/docs/dev/api/skimage.morphology.html#skimage.morphology.medial_axis}"
}


@article{Zhang20041,
title = "Review of shape representation and description techniques ",
journal = "Pattern Recognition ",
volume = "37",
number = "1",
pages = "1 - 19",
year = "2004",
note = "",
issn = "0031-3203",
doi = "http://dx.doi.org/10.1016/j.patcog.2003.07.008",
url = "http://www.sciencedirect.com/science/article/pii/S0031320303002759",
author = "Dengsheng Zhang and Guojun Lu",
keywords = "Shape",
keywords = "Image retrieval",
keywords = "CBIR",
keywords = "Review",
keywords = "Shape descriptor "
}
